@MISC{FOAG,
    AUTHOR = "Vakil, Ravi",
    TITLE = "{MATH 216: Foundations of Algebraic Geometry}",
    URL = "https://math.stanford.edu/\textasciitilde vakil/216blog/"
}

@book{huybrechts2010geometry,
  title={The geometry of moduli spaces of sheaves},
  author={Huybrechts, Daniel and Lehn, Manfred},
  year={2010},
  publisher={Cambridge University Press}
}
@misc{stacks-project,
  author       = {The {Stacks project authors}},
  title        = {The Stacks project},
  howpublished = {\url{https://stacks.math.columbia.edu}},
  year         = {2021},
}
@misc{moduliGIT,
  author       = {Victoria Hoskins},
  title        = {Algebraic Geometry II: Moduli and GIT, Winter Semester 2015/2016},
  howpublished = {\url{https://userpage.fu-berlin.de/hoskins/moduli_and_GIT.html}},
  year         = {2015-2016},
}
@misc{modulicurve,
  author       = {Johannes Schmitt},
  title        = {The moduli space of curves (V5A4, Summer term 2020)},
  howpublished = {\url{https://johannesschmitt.gitlab.io/moduli_of_curves}},
  year         = {2020},
}
